
@article{example,
    author    = {John Doe},
    journal   = {Journal of LaTeX templates},
    number    = {1},
    pages     = {1--2},
    publisher = {LaTeX},
    title     = {An example of a journal article},
    volume    = {1},
    year      = {2024},
}
